%% This BibTeX bibliography file was created using BibDesk.
%% https://bibdesk.sourceforge.io/

%% Created for Damian Oswald at 2023-09-23 19:45:48 +0200 


%% Saved with string encoding Unicode (UTF-8) 



@article{millington1961permeability,
	author = {Millington, RJ and Quirk, JP},
	date-added = {2023-09-23 19:45:43 +0200},
	date-modified = {2023-09-23 19:45:43 +0200},
	journal = {Transactions of the Faraday Society},
	pages = {1200--1207},
	publisher = {Royal Society of Chemistry},
	title = {Permeability of porous solids},
	volume = {57},
	year = {1961}}
