%% This BibTeX bibliography file was created using BibDesk.
%% https://bibdesk.sourceforge.io/

%% Created for Damian Oswald at 2023-10-29 20:07:09 +0100 


%% Saved with string encoding Unicode (UTF-8) 



@article{well2008isotope,
	author = {Well, Reinhard and Flessa, Heinz},
	date-added = {2023-10-29 20:07:05 +0100},
	date-modified = {2023-10-29 20:07:05 +0100},
	journal = {Rapid Communications in Mass Spectrometry: An International Journal Devoted to the Rapid Dissemination of Up-to-the-Minute Research in Mass Spectrometry},
	number = {17},
	pages = {2621--2628},
	publisher = {Wiley Online Library},
	title = {Isotope fractionation factors of N2O diffusion},
	volume = {22},
	year = {2008}}

@article{lewicka2017quantifying,
	author = {Lewicka-Szczebak, Dominika and Augustin, J{\"u}rgen and Giesemann, Anette and Well, Reinhard},
	date-added = {2023-10-29 19:32:25 +0100},
	date-modified = {2023-10-29 20:05:53 +0100},
	journal = {Biogeosciences},
	number = {3},
	pages = {711--732},
	publisher = {Copernicus GmbH},
	title = {Quantifying N2O reduction to N2 based on N2O isotopocules -- validation with independent methods (helium incubation and 15 N gas flux method)},
	volume = {14},
	year = {2017}}
