%% This BibTeX bibliography file was created using BibDesk.
%% https://bibdesk.sourceforge.io/

%% Created for Damian Oswald at 2023-10-29 21:36:46 +0100 


%% Saved with string encoding Unicode (UTF-8) 



@article{well2008isotope,
	author = {Well, Reinhard and Flessa, Heinz},
	date-added = {2023-10-29 21:36:44 +0100},
	date-modified = {2023-10-29 21:36:44 +0100},
	journal = {Rapid Communications in Mass Spectrometry: An International Journal Devoted to the Rapid Dissemination of Up-to-the-Minute Research in Mass Spectrometry},
	number = {17},
	pages = {2621--2628},
	publisher = {Wiley Online Library},
	title = {Isotope fractionation factors of N₂O diffusion},
	volume = {22},
	year = {2008}}

@article{lewicka2017quantifying,
	author = {Lewicka-Szczebak, Dominika and Augustin, J{\"u}rgen and Giesemann, Anette and Well, Reinhard},
	date-added = {2023-10-29 21:36:44 +0100},
	date-modified = {2023-10-29 21:36:44 +0100},
	journal = {Biogeosciences},
	number = {3},
	pages = {711--732},
	publisher = {Copernicus GmbH},
	title = {Quantifying N₂O reduction to N₂ based on N₂O isotopocules -- validation with independent methods (helium incubation and ¹⁵N gas flux method)},
	volume = {14},
	year = {2017}}

@article{hayfield2008nonparametric,
	author = {Tristen Hayfield and Jeffrey S. Racine},
	date-added = {2023-10-20 19:29:06 +0200},
	date-modified = {2023-10-20 19:29:06 +0200},
	doi = {10.18637/jss.v027.i05},
	journal = {Journal of Statistical Software},
	number = {5},
	pages = {1-32},
	title = {Nonparametric Econometrics: The np Package},
	url = {https://www.jstatsoft.org/index.php/jss/article/view/v027i05},
	volume = {27},
	year = {2008},
	bdsk-url-1 = {https://www.jstatsoft.org/index.php/jss/article/view/v027i05},
	bdsk-url-2 = {https://doi.org/10.18637/jss.v027.i05}}

@article{massman1998review,
	author = {Massman, WJ},
	date-added = {2023-10-12 18:50:45 +0200},
	date-modified = {2023-10-12 18:50:45 +0200},
	journal = {Atmospheric environment},
	number = {6},
	pages = {1111--1127},
	publisher = {Elsevier},
	title = {A review of the molecular diffusivities of H2O, CO2, CH4, CO, O3, SO2, NH3, N2O, NO, and NO2 in air, O2 and N2 near STP},
	volume = {32},
	year = {1998}}

@article{versteeg1988solubility,
	author = {Versteeg, Geert F and Van Swaaij, Wim PM},
	date-added = {2023-09-29 17:58:15 +0200},
	date-modified = {2023-09-29 17:58:15 +0200},
	journal = {Journal of Chemical \& Engineering Data},
	number = {1},
	pages = {29--34},
	publisher = {ACS Publications},
	title = {Solubility and diffusivity of acid gases (carbon dioxide, nitrous oxide) in aqueous alkanolamine solutions},
	volume = {33},
	year = {1988}}

@article{millington1961permeability,
	author = {Millington, RJ and Quirk, JP},
	date-added = {2023-09-23 19:45:43 +0200},
	date-modified = {2023-09-23 19:45:43 +0200},
	journal = {Transactions of the Faraday Society},
	pages = {1200--1207},
	publisher = {Royal Society of Chemistry},
	title = {Permeability of porous solids},
	volume = {57},
	year = {1961}}
